@book{neftci,
	author = {Salih N. Neftci},
	title = {An Introduction to the Mathematics of Financial Derivatives},
	year = {1996},
	edition = {First},
	publisher = {Academic Press},
	address = {525 B Street, Suite 1900, San Diego, California 92101-4495, USA},
	isbn = {0-12-515390-2},
	pagetotal = {352},
	chapter = {6 Martingales and Martingale Representations}
	pages = {108-109}
}

@online{geeks4geeeks,
	author = {Sanjit Prasad},
	title = {Nonhomogeneous Poisson Processes},
	date = {10 Jan 2020},
	url = {https://www.geeksforgeeks.org/nonhomogeneous-poisson-processes/},
	language = {English},
	organization = {GeeksforGeeks},
}

@book{georgesbook,
	author = {Ross Sheldon},
	title = {Simulation},
	year = {2012},
	language = {English},
	edition = {Fifth},
	publisher = {Academic Press},
	isbn = {978-0125980630},
	chapter = {2 Elements of Probability},
	pages = {30-31},
	pagetotal = {328},
}
